<record><leader>00000cas a22000007a 4500</leader><controlfield tag="001">13724586</controlfield><controlfield tag="008">860612c18819999pauwr ne      0    0eng d</controlfield><datafield ind1=" " ind2=" " tag="010"><subfield code="a">sn 87078127 </subfield></datafield><datafield ind1=" " ind2=" " tag="040"><subfield code="a">NPH</subfield><subfield code="b">eng</subfield><subfield code="c">NPH</subfield><subfield code="d">OCLCQ</subfield></datafield><datafield ind1=" " ind2=" " tag="042"><subfield code="a">msc</subfield></datafield><datafield ind1="0" ind2="4" tag="245"><subfield code="a">The Schwenksville item.</subfield></datafield><datafield ind1=" " ind2=" " tag="260"><subfield code="a">Schwenksville, Pa. :</subfield><subfield code="b">N. Bertolette Grubb,</subfield><subfield code="c">1881-</subfield></datafield><datafield ind1=" " ind2=" " tag="300"><subfield code="a">v. ;</subfield><subfield code="c">58-71 cm.</subfield></datafield><datafield ind1=" " ind2=" " tag="310"><subfield code="a">Weekly</subfield></datafield><datafield ind1="0" ind2=" " tag="362"><subfield code="a">Vol. 4, no. 38 (May 27, 1881)-</subfield></datafield><datafield ind1=" " ind2=" " tag="500"><subfield code="a">Editor: Bruce MacBain &lt;1986-&gt;</subfield></datafield><datafield ind1=" " ind2=" " tag="515"><subfield code="a">Issues for &lt;Mar. 24, 1910&gt; called also &lt;whole no. 1692&gt;.</subfield></datafield><datafield ind1=" " ind2=" " tag="752"><subfield code="a">United States</subfield><subfield code="b">Pennsylvania</subfield><subfield code="c">Montgomery</subfield><subfield code="d">Schwenksville.</subfield></datafield><datafield ind1="0" ind2="0" tag="780"><subfield code="t">Weekly item (Schwenksville, Pa.)</subfield><subfield code="w">(DLC)sn 87080541</subfield></datafield><datafield ind1="1" ind2=" " tag="029"><subfield code="a">AU@</subfield><subfield code="b">000025804345</subfield></datafield></record>